% Encoding: UTF-8

@article{Griffin,
  title={Griffin: Guarding Control Flows Using Intel Processor Trace},
  author={Ge, Xinyang and Cui, Weidong and Jaeger, Trent},
  journal={Acm Sigarch Computer Architecture News},
  volume={45},
  number={4},
  pages={585-598},
  year={2017},
}

@inproceedings{FailureSketching,
  title={Failure Sketching: A Technique for Automated Root Cause Diagnosis of In-Production Failures},
  author={Kasikci, Baris and Schubert, Benjamin and Pereira, Cristiano and Pokam, Gilles and Candea, George},
  booktitle={Proceedings of the 25th Symposium on Operating Systems Principles},
  pages={344--360},
  year={2015}
}

@unpublished{GNUGprof,
  title={GNU gprof},
  author={GNU},
  year={https://sourceware.org/binutils/docs/gprof, 2020}
}

@article{OptimallyProfilingandTracingPrograms,
  title={Optimally profiling and tracing programs},
  author={Ball, Thomas and Larus, James R},
  journal={ACM Transactions on Programming Languages and Systems(TOPLAS)},
  volume={16},
  number={4},
  pages={1319--1360},
  year={1994},
  publisher={ACM New York, NY, USA}
}

@article{Hardware-Based-Profiling,
  title={Hardware-based profiling: An effective technique for profile-driven optimization},
  author={Conte, Thomas M and Patel, Burzin A and Menezes, Kishore N and Cox, J Stan},
  journal={International Journal of Parallel Programming},
  volume={24},
  number={2},
  pages={187--206},
  year={1996},
  publisher={Springer}
}

@article{gprof-a-call-graph-execution-profiler,
  title={Gprof: A call graph execution profiler},
  author={Graham, Susan L and Kessler, Peter B and Mckusick, Marshall K},
  journal={ACM Sigplan Notices},
  volume={17},
  number={6},
  pages={120--126},
  year={1982},
  publisher={ACM New York, NY, USA}
}

@unpublished{gcc,
  title={GNU gcc},
  author={GNU},
  year={https://gcc.gnu.org/onlinedocs/gcc-6.2.0/gcc, 2020}
}

@article{Continuous-profiling-where-have-all-the-cycles-gone,
  title={Continuous profiling: Where have all the cycles gone?},
  author={Anderson, Jennifer M and Berc, Lance M and Dean, Jeffrey and Ghemawat, Sanjay and Henzinger, Monika R and Leung, Shun-Tak A and Sites, Richard L and Vandevoorde, Mark T and Waldspurger, Carl A and Weihl, William E},
  journal={ACM Transactions on Computer Systems (TOCS)},
  volume={15},
  number={4},
  pages={357--390},
  year={1997},
  publisher={ACM New York, NY, USA}
}

@unpublished{LBR,
  title={An introduction to last branch records},
  author={lwn.net},
  year={https://lwn.net/Articles/6809\\85/, 2016}
}

@unpublished{Intel,
  title={Intel 64 and IA-32 Architectures Software Developerâ€™s Manual, vol.3},
  author={Intel},
  year={2019}
}

@article{Hardware-assisted-instruction-profiling,
  title={Hardware-assisted instruction profiling and latency detection},
  author={Sharma, Suchakrapani Datt and Dagenais, Michel},
  journal={The Journal of Engineering},
  volume={2016},
  number={10},
  pages={367--376},
  year={2016},
  publisher={IET}
}

@inproceedings{REPT,
  title={REPT: Reverse Debugging of Failures in Deployed Software},
  author={Cui, Weidong and Ge, Xinyang and Kasikci, Baris and Niu, Ben and Sharma, Upamanyu and Wang, Ruoyu and Yun, Insu},
  booktitle={13th USENIX Symposium on Operating Systems Design and Implementation OSDI 18)},
  pages={17--32},
  year={2018}
}

@unpublished{libipt,
  title={an Intel(R) Processor Trace decoder library},
  author={Intel},
  year={https://github.com/intel/lib\\ipt, 2015}
}

@unpublished{simple-pt,
  title={A Simple-PT Linux driver},
  author = "Kleen Andi",
  year={https://github.com/andikleen/simple-pt, 2015}
}

@unpublished{processor-tracing,
  title={Processor Tracing},
  author = "Intel",
  year={https://software.intel.com/en-us/blogs/2013/09/18/pr\\ocessor-tracing, 2013}
}

@unpublished{Vtune,
  title={Vtune},
  author = "Intel",
  year={https://software.intel.com/en-us/vtune-help, 2020}
}

@unpublished{GDB,
  title={GNU gdb},
  author = "GNU",
  year={https://sourceware.org/gdb/onlinedocs/gdb/, 2020}
}


@unpublished{perf,
  title={Linux branch with Intel PT Support},
  author={Linux},
  year={https://github.com/torvalds/linux/\\blob/master/tools/perf/Documentation/perf-intel-pt.txt, 2020}
}

@unpublished{AddingProcessorTracesupporttoLinux,
  title={Adding Processor Trace support to Linux},
  author={lwn.net},
  year={https://lwn.net/Articles/6\\48154/, 2015}
}

@unpublished{perf-event-open,
  title={perf-event-open},
  author="Linux",
  year={http://man7.org/linux/man-pages/man2/perf\_event\_o\\pen.2.html, 2020}
}